{
  "leader": "02228cam a2200481Ia 4500",
  "fields": [
    {
      "001": "ocm35710671\\"
    },
    {
      "003": "OCoLC"
    },
    {
      "005": "20220105142741.0"
    },
    {
      "008": "961010s1995\\\\\\\\dcu\\\\\\\\\\\\\\\\\\\\\\000\\0\\eng\\d"
    },
    {
      "040": {
        "ind1": "\\",
        "ind2": "\\",
        "subfields": [
          {
            "a": "OML"
          },
          {
            "b": "eng"
          },
          {
            "c": "OML"
          },
          {
            "d": "EL{dollar}"
          },
          {
            "d": "J2H"
          },
          {
            "d": "OCLCQ"
          },
          {
            "d": "YDXCP"
          },
          {
            "d": "RCJ"
          },
          {
            "d": "IXA"
          },
          {
            "d": "PEUPC"
          },
          {
            "d": "VAL"
          },
          {
            "d": "OCLCQ"
          },
          {
            "d": "OCLCF"
          },
          {
            "d": "OCLCQ"
          },
          {
            "d": "OCLCO"
          },
          {
            "d": "OCLCQ"
          },
          {
            "d": "OCLCA"
          },
          {
            "d": "GZL"
          },
          {
            "d": "OCLCQ"
          },
          {
            "d": "OCLCO"
          },
          {
            "d": "OCLCA"
          },
          {
            "d": "YOR"
          },
          {
            "d": "NLVRD"
          }
        ]
      }
    },
    {
      "020": {
        "ind1": "\\",
        "ind2": "\\",
        "subfields": [
          {
            "a": "0898431719"
          }
        ]
      }
    },
    {
      "020": {
        "ind1": "\\",
        "ind2": "\\",
        "subfields": [
          {
            "a": "9780898431711"
          }
        ]
      }
    },
    {
      "035": {
        "ind1": "\\",
        "ind2": "\\",
        "subfields": [
          {
            "a": "(OCoLC)35710671"
          }
        ]
      }
    },
    {
      "043": {
        "ind1": "\\",
        "ind2": "\\",
        "subfields": [
          {
            "a": "nces---"
          }
        ]
      }
    },
    {
      "050": {
        "ind1": "\\",
        "ind2": "4",
        "subfields": [
          {
            "a": "JC571"
          },
          {
            "b": ".H45 1995"
          }
        ]
      }
    },
    {
      "082": {
        "ind1": "0",
        "ind2": "4",
        "subfields": [
          {
            "a": "323"
          },
          {
            "b": "HON"
          }
        ]
      }
    },
    {
      "245": {
        "ind1": "0",
        "ind2": "0",
        "subfields": [
          {
            "a": "Honoring human rights and keeping the peace :"
          },
          {
            "b": "lessons from El Salvador, Cambodia, and Haiti ; recommendations for the United Nations /"
          },
          {
            "c": "edited by Alice H. Henkin."
          }
        ]
      }
    },
    {
      "246": {
        "ind1": "3",
        "ind2": "0",
        "subfields": [
          {
            "a": "Lessons from El Salvador, Cambodia, and Haiti"
          }
        ]
      }
    },
    {
      "246": {
        "ind1": "3",
        "ind2": "0",
        "subfields": [
          {
            "a": "Recommendations for the United Nations"
          }
        ]
      }
    },
    {
      "260": {
        "ind1": "\\",
        "ind2": "\\",
        "subfields": [
          {
            "a": "Washington, D.C. :"
          },
          {
            "b": "Aspen Institute,"
          },
          {
            "c": "1995."
          }
        ]
      }
    },
    {
      "300": {
        "ind1": "\\",
        "ind2": "\\",
        "subfields": [
          {
            "a": "iii, 172 pages ;"
          },
          {
            "c": "25 cm"
          }
        ]
      }
    },
    {
      "336": {
        "ind1": "\\",
        "ind2": "\\",
        "subfields": [
          {
            "a": "text"
          },
          {
            "b": "txt"
          },
          {
            "2": "rdacontent"
          }
        ]
      }
    },
    {
      "337": {
        "ind1": "\\",
        "ind2": "\\",
        "subfields": [
          {
            "a": "unmediated"
          },
          {
            "b": "n"
          },
          {
            "2": "rdamedia"
          }
        ]
      }
    },
    {
      "338": {
        "ind1": "\\",
        "ind2": "\\",
        "subfields": [
          {
            "a": "volume"
          },
          {
            "b": "nc"
          },
          {
            "2": "rdacarrier"
          }
        ]
      }
    },
    {
      "505": {
        "ind1": "0",
        "ind2": "0",
        "subfields": [
          {
            "t": "Preface /"
          },
          {
            "r": "Alice H. Henkin --"
          },
          {
            "t": "Introduction /"
          },
          {
            "r": "Thomas Hammaberg --"
          },
          {
            "t": "Recommendations --"
          },
          {
            "t": "The experience of ONUSAL in El Salvador /"
          },
          {
            "r": "Diego Garci\u0301a-Saya\u0301n --"
          },
          {
            "t": "UN human rights activities in Cambodia : an evaluation /"
          },
          {
            "r": "Dennis McNamara --"
          },
          {
            "t": "Paper versus steel : the first phase of the International Civilian Mission in Haiti /"
          },
          {
            "r": "Ian Martin --"
          },
          {
            "t": "Peacekeeping and human rights in Africa and Europe /"
          },
          {
            "r": "Andrew Clapham and Meg Henry."
          }
        ]
      }
    },
    {
      "610": {
        "ind1": "2",
        "ind2": "0",
        "subfields": [
          {
            "a": "United Nations"
          },
          {
            "z": "El Salvador."
          }
        ]
      }
    },
    {
      "610": {
        "ind1": "2",
        "ind2": "0",
        "subfields": [
          {
            "a": "United Nations"
          },
          {
            "z": "Cambodia."
          }
        ]
      }
    },
    {
      "610": {
        "ind1": "2",
        "ind2": "0",
        "subfields": [
          {
            "a": "United Nations"
          },
          {
            "z": "Haiti."
          }
        ]
      }
    },
    {
      "650": {
        "ind1": "\\",
        "ind2": "0",
        "subfields": [
          {
            "a": "Human rights"
          },
          {
            "z": "El Salvador."
          }
        ]
      }
    },
    {
      "650": {
        "ind1": "\\",
        "ind2": "0",
        "subfields": [
          {
            "a": "Human rights"
          },
          {
            "z": "Cambodia."
          }
        ]
      }
    },
    {
      "650": {
        "ind1": "\\",
        "ind2": "0",
        "subfields": [
          {
            "a": "Human rights"
          },
          {
            "z": "Haiti."
          }
        ]
      }
    },
    {
      "650": {
        "ind1": "\\",
        "ind2": "0",
        "subfields": [
          {
            "a": "Peace."
          }
        ]
      }
    },
    {
      "610": {
        "ind1": "2",
        "ind2": "7",
        "subfields": [
          {
            "a": "United Nations."
          },
          {
            "2": "fast"
          },
          {
            "0": "(OCoLC)fst00530351"
          }
        ]
      }
    },
    {
      "650": {
        "ind1": "\\",
        "ind2": "7",
        "subfields": [
          {
            "a": "Human rights."
          },
          {
            "2": "fast"
          },
          {
            "0": "(OCoLC)fst00963285"
          }
        ]
      }
    },
    {
      "650": {
        "ind1": "\\",
        "ind2": "7",
        "subfields": [
          {
            "a": "Peace."
          },
          {
            "2": "fast"
          },
          {
            "0": "(OCoLC)fst01055758"
          }
        ]
      }
    },
    {
      "651": {
        "ind1": "\\",
        "ind2": "7",
        "subfields": [
          {
            "a": "Cambodia."
          },
          {
            "2": "fast"
          },
          {
            "0": "(OCoLC)fst01207659"
          }
        ]
      }
    },
    {
      "651": {
        "ind1": "\\",
        "ind2": "7",
        "subfields": [
          {
            "a": "El Salvador."
          },
          {
            "2": "fast"
          },
          {
            "0": "(OCoLC)fst01205530"
          }
        ]
      }
    },
    {
      "651": {
        "ind1": "\\",
        "ind2": "7",
        "subfields": [
          {
            "a": "Haiti."
          },
          {
            "2": "fast"
          },
          {
            "0": "(OCoLC)fst01205135"
          }
        ]
      }
    },
    {
      "700": {
        "ind1": "1",
        "ind2": "\\",
        "subfields": [
          {
            "a": "Henkin, Alice H."
          }
        ]
      }
    },
    {
      "710": {
        "ind1": "2",
        "ind2": "\\",
        "subfields": [
          {
            "a": "Aspen Institute."
          },
          {
            "b": "Justice and Society Program."
          }
        ]
      }
    },
    {
      "994": {
        "ind1": "\\",
        "ind2": "\\",
        "subfields": [
          {
            "a": "Z0"
          },
          {
            "b": "NYRVC"
          }
        ]
      }
    },
    {
      "948": {
        "ind1": "\\",
        "ind2": "\\",
        "subfields": [
          {
            "h": "NO HOLDINGS IN NYRVC - 50 OTHER HOLDINGS"
          }
        ]
      }
    },
    {
      "999": {
        "ind1": "\\",
        "ind2": "\\",
        "subfields": [
          {
            "a": "00000000019137"
          }
        ]
      }
    }
  ]
}